<?xml version="1.0" encoding="UTF-8"?><collection xmlns="http://www.loc.gov/MARC21/slim"><record><leader>00367nam--2200145-i-4500</leader><controlfield tag="001">000008221</controlfield><controlfield tag="002">20161230</controlfield><controlfield tag="005">20170206185926</controlfield><controlfield tag="008">060222s1000------------r-----000-0-eng-d</controlfield><datafield ind1=" " ind2=" " tag="100"><subfield code="a">Cotterill, P</subfield></datafield><datafield ind1=" " ind2=" " tag="245"><subfield code="a">The hydrogen embrittlement of metals</subfield></datafield><datafield ind1=" " ind2=" " tag="260"><subfield code="a">Oxford</subfield><subfield code="b">Pergamon Press</subfield><subfield code="c">1961</subfield></datafield><datafield ind1=" " ind2=" " tag="300"><subfield code="a">/201-301/p.+VI</subfield></datafield><datafield ind1=" " ind2=" " tag="852"><subfield code="a">539.2</subfield></datafield><datafield ind1=" " ind2=" " tag="CAT"><subfield code="a">SYS</subfield><subfield code="c">20170206</subfield><subfield code="h">185926</subfield></datafield></record></collection>